@article{just2018exoskeleton,
	title={Exoskeleton transparency: feed-forward compensation vs. disturbance observer},
	author={Just, Fabian and {\"O}zen, {\"O}zhan and B{\"o}sch, Philipp and Bobrovsky, Hanna and Klamroth-Marganska, Verena and Riener, Robert and Rauter, Georg},
	journal={at-Automatisierungstechnik},
	volume={66},
	number={12},
	pages={1014--1026},
	year={2018},
	publisher={De Gruyter Oldenbourg}
}


@inproceedings{diolaiti2005criterion,
	title={A criterion for the passivity of haptic devices},
	author={Diolaiti, Nicola and Niemeyer, G{\"u}nter and Barbagli, Federico and Salisbury, J Kenneth},
	booktitle={Proceedings of the 2005 IEEE International Conference on Robotics and Automation},
	pages={2452--2457},
	year={2005},
	organization={IEEE}
}


@inproceedings{colgate1994factors,
	title={Factors affecting the z-width of a haptic display},
	author={Colgate, J Edward and Brown, J Michael},
	booktitle={Proceedings of the 1994 IEEE International Conference on Robotics and Automation},
	pages={3205--3210},
	year={1994},
	organization={IEEE}
}

@article{bajcsy2017learning,
	title={Learning robot objectives from physical human interaction},
	author={Bajcsy, Andrea and Losey, Dylan P and Oâ€™Malley, Marcia K and Dragan, Anca D},
	journal={Proceedings of Machine Learning Research},
	volume={78},
	pages={217--226},
	year={2017},
	publisher={PMLR}
}

@article{jarrasse2010methodology,
	title={A methodology to quantify alterations in human upper limb movement during co-manipulation with an exoskeleton},
	author={Jarrasse, Nathanael and Tagliabue, Michele and Robertson, Johanna VG and Maiza, Amina and Crocher, Vincent and Roby-Brami, Agnes and Morel, Guillaume},
	journal={IEEE Transactions on neural systems and Rehabilitation Engineering},
	volume={18},
	number={4},
	pages={389--397},
	year={2010},
	publisher={IEEE}
}


@inproceedings{solazzi2014interaction,
  title={An interaction torque control improving human force estimation of the rehab-exos exoskeleton},
  author={Solazzi, Massimiliano and Abbrescia, Mirko and Vertechy, Rocco and Loconsole, Claudio and Bevilacqua, Vitoantonio and Frisoli, Antonio},
  booktitle={Haptics Symposium (HAPTICS), 2014 IEEE},
  pages={187--193},
  year={2014},
  organization={IEEE}
}

@article{pirondini2016evaluation,
  title={Evaluation of the effects of the Arm Light Exoskeleton on movement execution and muscle activities: a pilot study on healthy subjects},
  author={Pirondini, Elvira and Coscia, Martina and Marcheschi, Simone and Roas, Gianluca and Salsedo, Fabio and Frisoli, Antonio and Bergamasco, Massimo and Micera, Silvestro},
  journal={Journal of neuroengineering and rehabilitation},
  volume={13},
  number={1},
  pages={1},
  year={2016},
  publisher={BioMed Central}
}

@inproceedings{kim2016powered,
  title={Powered upper-limb control using passivity-based nonlinear disturbance observer for unknown payload carrying applications},
  author={Kim, Min Jun and Lee, Woongyong and Choi, Jae Yeon and Park, Yong Sik and Park, Sung Ho and Chung, Goobong and Han, Kyung-Lyong and Choi, Il Seop and Suh, Il Hong and Choi, Youngjin and others},
  booktitle={Robotics and Automation (ICRA), 2016 IEEE International Conference on},
  pages={2340--2346},
  year={2016},
  organization={IEEE}
}

@manual{kitware2003,
  title = {The Visualization Toolkit User's Guide},
  organization = {Kitware, Inc.},
  year = {2003},
  month = {January}
}


@article{lo2012exoskeleton,
  title={Exoskeleton robots for upper-limb rehabilitation: State of the art and future prospects},
  author={Lo, Ho Shing and Xie, Sheng Quan},
  journal={Medical engineering \& physics},
  volume={34},
  number={3},
  pages={261--268},
  year={2012},
  publisher={Elsevier}
}


@inproceedings{marcheschi2011body,
  title={Body Extender: whole body exoskeleton for human power augmentation},
  author={Marcheschi, Simone and Salsedo, Fabio and Fontana, Marco and Bergamasco, Massimo},
  booktitle={Robotics and Automation (ICRA), 2011 IEEE International Conference on},
  pages={611--616},
  year={2011},
  organization={IEEE}
}

% This file was created with JabRef 2.7.2.
% Encoding: Cp1252

@INPROCEEDINGS{artigas2008bilateral,
  author = {Artigas, J. and Preusche, C. and Hirzinger, G. and Borghesan, G.
	and Melchiorri, C.},
  title = {Bilateral energy transfer in delayed teleoperation on the time domain},
  booktitle = {Robotics and Automation, 2008. ICRA 2008. IEEE International Conference
	on},
  year = {2008},
  pages = {671--676},
  organization = {IEEE}
}

@article{klein2010optimization,
  title={Optimization of a parallel shoulder mechanism to achieve a high-force, low-mass, robotic-arm exoskeleton},
  author={Klein, Julius and Spencer, Steve and Allington, J and Bobrow, James E and Reinkensmeyer, David J},
  journal={Robotics, IEEE Transactions on},
  volume={26},
  number={4},
  pages={710--715},
  year={2010},
  publisher={IEEE}
}

@article{tsagarakis2003development,
  title={Development and control of a soft-actuated exoskeleton for use in physiotherapy and training},
  author={Tsagarakis, Nikolaos G. and Caldwell, Darwin G},
  journal={Autonomous Robots},
  volume={15},
  number={1},
  pages={21--33},
  year={2003},
  publisher={Springer}
}

@inproceedings{carignan2005design,
  title={Design of an arm exoskeleton with scapula motion for shoulder rehabilitation},
  author={Carignan, Craig and Liszka, Michael and Roderick, Stephen},
  booktitle={Advanced Robotics, 2005. ICAR'05. Proceedings., 12th International Conference on},
  pages={524--531},
  year={2005},
  organization={IEEE}
}

@inproceedings{vertechy2009development,
  title={Development of a new exoskeleton for upper limb rehabilitation},
  author={Vertechy, Rocco and Frisoli, Antonio and Dettori, Andrea and Solazzi, Massimiliano and Bergamasco, Massimo},
  booktitle={Rehabilitation Robotics, 2009. ICORR 2009. IEEE International Conference on},
  pages={188--193},
  year={2009},
  organization={IEEE}
}

@article{kugi2008passivity,
  title={On the passivity-based impedance control of flexible joint robots},
  author={Kugi, Andreas and Ott, Christian and Albu-Schaffer, A and Hirzinger, Gerd},
  journal={Robotics, IEEE Transactions on},
  volume={24},
  number={2},
  pages={416--429},
  year={2008},
  publisher={IEEE}
}

@article{hashimoto1998experimental,
  title={Experimental study on torque control using Harmonic Drive built-in torque sensors},
  author={Hashimoto, Minoru and Kiyosawa, Yoshihide},
  journal={Journal of Robotic Systems},
  volume={15},
  number={8},
  pages={435--445},
  year={1998},
  publisher={Wiley Online Library}
}

@inproceedings{mihelj2007armin,
  title={ARMin II-7 DoF rehabilitation robot: mechanics and kinematics},
  author={Mihelj, Matjaz and Nef, Tobias and Riener, Robert},
  booktitle={Robotics and Automation, 2007 IEEE International Conference on},
  pages={4120--4125},
  year={2007},
  organization={IEEE}
}

@article{perry2007upper,
  title={Upper-limb powered exoskeleton design},
  author={Perry, Joel C and Rosen, Jacob and Burns, Stephen},
  journal={Mechatronics, IEEE/ASME Transactions on},
  volume={12},
  number={4},
  pages={408--417},
  year={2007},
  publisher={IEEE}
}


@inproceedings{garrec2008able,
  title={ABLE, an innovative transparent exoskeleton for the upper-limb},
  author={Garrec, P and Friconneau, JP and Measson, Yvan and Perrot, Yann},
  booktitle={Intelligent Robots and Systems, 2008. IROS 2008. IEEE/RSJ International Conference on},
  pages={1483--1488},
  year={2008},
  organization={IEEE}
}

@inproceedings{mao2012transition,
  title={Transition from mechanical arm to human arm with CAREX: A cable driven ARm EXoskeleton (CAREX) for neural rehabilitation},
  author={Mao, Ying and Agrawal, Sunil Kumar},
  booktitle={Robotics and Automation (ICRA), 2012 IEEE International Conference on},
  pages={2457--2462},
  year={2012},
  organization={IEEE}
}

@INPROCEEDINGS{Asama2012,
  author = {Asama, H.},
  title = {Plenary talk III: Robot amp; remote-controlled machine technology
	for response of disasters and accidents of nuclear power plants},
  booktitle = {SICE Annual Conference (SICE), 2012 Proceedings of},
  year = {2012},
  pages = {xii},
  issn = {pending},
  keywords = {disasters;earthquakes;fission reactor accidents;nuclear facility decommissioning;nuclear
	power stations;service robots;telerobotics;tsunami;Fukushima Daiichi
	Nuclear Power Plant;accidents;disasters;earthquake;high-radiation
	environment;long-range mission;middle-range mission;nuclear power
	plants decommission;organization;political strategy;practical technology
	development;remote-controlled machine technology;robot machine technology;robot
	technology;tsunami;}
}

@ARTICLE{bergamasco2007exoskeletons,
  author = {Bergamasco, M. and Frisoli, A. and Avizzano, C.},
  title = {Exoskeletons as man-machine interface systems for teleoperation and
	interaction in virtual environments},
  journal = {Advances in Telerobotics},
  year = {2007},
  pages = {61--76},
  publisher = {Springer}
}

@INPROCEEDINGS{fernando2012design,
  author = {Fernando, C.L. and Furukawa, M. and Kurogi, T. and Kamuro, S. and
	Minamizawa, K. and Tachi, S. and others},
  title = {Design of TELESAR V for transferring bodily consciousness in telexistence},
  booktitle = {Intelligent Robots and Systems (IROS), 2012 IEEE/RSJ International
	Conference on},
  year = {2012},
  pages = {5112--5118},
  organization = {IEEE}
}

@INPROCEEDINGS{fontana2009mechanical,
  author = {Fontana, M. and Dettori, A. and Salsedo, F. and Bergamasco, M.},
  title = {Mechanical design of a novel Hand Exoskeleton for accurate force
	displaying},
  booktitle = {Robotics and Automation, 2009. ICRA'09. IEEE International Conference
	on},
  year = {2009},
  pages = {1704--1709},
  organization = {IEEE}
}

@ARTICLE{frisoli2012new,
  author = {Frisoli, A. and Loconsole, C. and Leonardis, D. and Banno, F. and
	Barsotti, M. and Chisari, C. and Bergamasco, M.},
  title = {A New Gaze-BCI-Driven Control of an Upper Limb Exoskeleton for Rehabilitation
	in Real-World Tasks},
  journal = {Systems, Man, and Cybernetics, Part C: Applications and Reviews,
	IEEE Transactions on},
  year = {2012},
  volume = {42},
  pages = {1169--1179},
  number = {6},
  publisher = {IEEE}
}

@INPROCEEDINGS{frisoli2005new,
  author = {Frisoli, A. and Rocchi, F. and Marcheschi, S. and Dettori, A. and
	Salsedo, F. and Bergamasco, M.},
  title = {A new force-feedback arm exoskeleton for haptic interaction in virtual
	environments},
  booktitle = {Eurohaptics Conference, 2005 and Symposium on Haptic Interfaces for
	Virtual Environment and Teleoperator Systems, 2005. World Haptics
	2005. First Joint},
  year = {2005},
  pages = {195--201},
  organization = {IEEE}
}

@ARTICLE{frisoli2009force,
  author = {Frisoli, A. and Salsedo, F. and Bergamasco, M. and Rossi, B. and
	Carboncini, M.C.},
  title = {A force-feedback exoskeleton for upper-limb rehabilitation in virtual
	reality},
  journal = {Applied Bionics and Biomechanics},
  year = {2009},
  volume = {6},
  pages = {115--126},
  number = {2},
  publisher = {Taylor \& Francis}
}

@ARTICLE{frisoli2008fingertip,
  author = {Frisoli, A. and Solazzi, M. and Salsedo, F. and Bergamasco, M.},
  title = {A fingertip haptic display for improving curvature discrimination},
  journal = {Presence: Teleoperators and Virtual Environments},
  year = {2008},
  volume = {17},
  pages = {550--561},
  number = {6},
  publisher = {MIT Press}
}

@ARTICLE{haans2012embodiment,
  author = {Haans, A. and IJsselsteijn, W.A.},
  title = {Embodiment and telepresence: Toward a comprehensive theoretical framework},
  journal = {Interacting with Computers},
  year = {2012},
  publisher = {Elsevier}
}

@ARTICLE{haddadi2010bounded,
  author = {Haddadi, A. and Hashtrudi-Zaad, K.},
  title = {Bounded-impedance absolute stability of bilateral teleoperation control
	systems},
  journal = {Haptics, IEEE Transactions on},
  year = {2010},
  volume = {3},
  pages = {15--27},
  number = {1},
  publisher = {IEEE}
}

@ARTICLE{hannaford2002time,
  author = {Hannaford, B. and Ryu, J.H.},
  title = {Time-domain passivity control of haptic interfaces},
  journal = {Robotics and Automation, IEEE Transactions on},
  year = {2002},
  volume = {18},
  pages = {1--10},
  number = {1},
  publisher = {IEEE}
}

@INPROCEEDINGS{iqbal2011multi,
  author = {Iqbal, J. and Tsagarakis, N.G. and Caldwell, D.G.},
  title = {A multi-DOF robotic exoskeleton interface for hand motion assistance},
  booktitle = {Engineering in Medicine and Biology Society, EMBC, 2011 Annual International
	Conference of the IEEE},
  year = {2011},
  pages = {1575--1578},
  organization = {IEEE}
}

@INPROCEEDINGS{kazerooni2005exoskeletons,
  author = {Kazerooni, H.},
  title = {Exoskeletons for human power augmentation},
  booktitle = {Intelligent Robots and Systems, 2005.(IROS 2005). 2005 IEEE/RSJ International
	Conference on},
  year = {2005},
  pages = {3459--3464},
  organization = {IEEE}
}

@INPROCEEDINGS{koyama2002multi,
  author = {Koyama, T. and Yamano, I. and Takemura, K. and Maeno, T.},
  title = {Multi-fingered exoskeleton haptic device using passive force feedback
	for dexterous teleoperation},
  booktitle = {Intelligent Robots and Systems, 2002. IEEE/RSJ International Conference
	on},
  year = {2002},
  volume = {3},
  pages = {2905--2910},
  organization = {IEEE}
}

@INPROCEEDINGS{leeper2012strategies,
  author = {Leeper, A.E. and Hsiao, K. and Ciocarlie, M. and Takayama, L. and
	Gossow, D.},
  title = {Strategies for human-in-the-loop robotic grasping},
  booktitle = {Proceedings of the seventh annual ACM/IEEE international conference
	on Human-Robot Interaction},
  year = {2012},
  pages = {1--8},
  organization = {ACM}
}

@INPROCEEDINGS{leonardis2012illusory,
  author = {Leonardis, D. and Frisoli, A. and Solazzi, M. and Bergamasco, M.},
  title = {Illusory perception of arm movement induced by visuo-proprioceptive
	sensory stimulation and controlled by motor imagery},
  booktitle = {Haptics Symposium (HAPTICS), 2012 IEEE},
  year = {2012},
  pages = {421--424},
  organization = {IEEE}
}

@ARTICLE{mitra2008model,
  author = {Mitra, P. and Niemeyer, G.},
  title = {Model-mediated telemanipulation},
  journal = {The International Journal of Robotics Research},
  year = {2008},
  volume = {27},
  pages = {253--262},
  number = {2},
  publisher = {SAGE Publications}
}

@INPROCEEDINGS{mohammed2009towards,
  author = {Mohammed, S. and Amirat, Y.},
  title = {Towards intelligent lower limb wearable robots: Challenges and perspectives-State
	of the art},
  booktitle = {Robotics and Biomimetics, 2008. ROBIO 2008. IEEE International Conference
	on},
  year = {2009},
  pages = {312--317},
  organization = {IEEE}
}

@ARTICLE{nef2007armin,
  author = {Nef, T. and Mihelj, M. and Riener, R.},
  title = {ARMin: a robot for patient-cooperative arm therapy},
  journal = {Medical and Biological Engineering and Computing},
  year = {2007},
  volume = {45},
  pages = {887--900},
  number = {9},
  publisher = {Springer}
}

@INPROCEEDINGS{pacchierotti2012cutaneous,
  author = {Pacchierotti, C. and Chinello, F. and Prattichizzo, D.},
  title = {Cutaneous device for teleoperated needle insertion},
  booktitle = {Biomedical Robotics and Biomechatronics (BioRob), 2012 4th IEEE RAS
	\& EMBS International Conference on},
  year = {2012},
  pages = {32--37},
  organization = {IEEE}
}

@INPROCEEDINGS{passenberg2010model,
  author = {Passenberg, C. and Peer, A. and Buss, M.},
  title = {Model-mediated teleoperation for multi-operator multi-robot systems},
  booktitle = {IEEE/RSJ International Conference on Intelligent Robots and Systems},
  year = {2010},
  pages = {4263--4268},
  organization = {Citeseer}
}

@ARTICLE{pacchierottiremotouch,
  author = {Prattichizzo, D. and Chinello, F. and Pacchierotti, C. and Minamizawa,
	K.},
  title = {RemoTouch: A System For Remote Touch Experience},
  year = {2010},
  booktitle = {Robot and Human Interactive Communication, 19th IEEE International
	Symposium on},
  organization = {IEEE}
}

@ARTICLE{ryu2004stable,
  author = {Ryu, J.H. and Kwon, D.S. and Hannaford, B.},
  title = {Stable teleoperation with time-domain passivity control},
  journal = {Robotics and Automation, IEEE Transactions on},
  year = {2004},
  volume = {20},
  pages = {365--373},
  number = {2},
  publisher = {IEEE}
}

@INPROCEEDINGS{satler2009bilateral,
  author = {Satler, M. and Avizzano, C.A. and Frisoli, A. and Tripicchio, P.
	and Bergamasco, M.},
  title = {Bilateral teleoperation under time-varying delay using wave variables},
  booktitle = {Intelligent Robots and Systems, 2009. IROS 2009. IEEE/RSJ International
	Conference on},
  year = {2009},
  pages = {4596--4602},
  organization = {IEEE}
}

@ARTICLE{stramigioli2002geometric,
  author = {Stramigioli, S. and van der Schaft, A. and Maschke, B. and Melchiorri,
	C.},
  title = {Geometric scattering in robotic telemanipulation},
  journal = {Robotics and Automation, IEEE Transactions on},
  year = {2002},
  volume = {18},
  pages = {588--596},
  number = {4},
  publisher = {IEEE}
}

@ARTICLE{stramigioli2005sampled,
  author = {Stramigioli, S. and Secchi, C. and vanderSchaft, A.J. and Fantuzzi,
	C.},
  title = {Sampled data systems passivity and discrete port-hamiltonian systems},
  journal = {Robotics, IEEE Transactions on},
  year = {2005},
  volume = {21},
  pages = {574--587},
  number = {4},
  publisher = {IEEE}
}

@INPROCEEDINGS{tachi2003telexistence_retroproj,
  author = {Tachi, S.},
  title = {Telexistence and retro-reflective projection technology (RPT)},
  booktitle = {Proceedings of the 5th Virtual Reality International Conference (VRIC2003)
	pp},
  year = {2003},
  volume = {69},
  pages = {1--69},
  organization = {Citeseer}
}

@ARTICLE{tachi2003telexistence,
  author = {Tachi, S. and Komoriya, K. and Sawada, K. and Nishiyama, T. and Itoko,
	T. and Kobayashi, M. and Inoue, K.},
  title = {Telexistence cockpit for humanoid robot control},
  journal = {Advanced Robotics},
  year = {2003},
  volume = {17},
  pages = {199--217},
  number = {3},
  publisher = {Taylor \& Francis}
}

@INPROCEEDINGS{tachi2012telexistence,
  author = {Tachi, S. and Minamizawa, K. and Furukawa, M. and Fernando, CL},
  title = {Telexistenceï¿½from 1980 to 2012},
  booktitle = {Intelligent Robots and Systems (IROS), 2012 IEEE/RSJ International
	Conference on},
  year = {2012},
  pages = {5440--5441},
  organization = {IEEE}
}



@MASTERSTHESIS{Wildenbeest:Thesis:2010,
  author = {J.G.W. Wildenbeest},
  title = {Improving the Quality of Haptic Feedback Yields Only Marginal Improvements
	in Teleoperated Task Performance},
  school = {Delft University of Technology},
  year = {2010},
  address = {the Netherlands}
}

@INPROCEEDINGS{willaert2012towards,
  author = {Willaert, B. and Bohg, J. and Van Brussel, H. and Niemeyer, G.},
  title = {Towards Multi-DOF model mediated teleoperation: Using vision to augment
	feedback},
  booktitle = {Haptic Audio Visual Environments and Games (HAVE), 2012 IEEE International
	Workshop on},
  year = {2012},
  pages = {25--31},
  organization = {IEEE}
}

@ARTICLE{willaert2012stability,
  author = {Willaert, B. and Van Brussel, H. and Niemeyer, G.},
  title = {Stability of model-mediated teleoperation: discussion and experiments},
  journal = {Haptics: Perception, Devices, Mobility, and Communication},
  year = {2012},
  pages = {625--636},
  publisher = {Springer}
}

@article{carignan2000closed,
  title={Closed-loop force control for haptic simulation of virtual environments},
  author={Carignan, Craig R and Cleary, Kevin R},
  journal={Haptics-e},
  volume={1},
  number={2},
  pages={1--14},
  year={2000},
  publisher={Citeseer}
}



@inproceedings{vertechy2012interaction,
  title={An interaction-torque controller for robotic exoskeletons with flexible joints: Preliminary experimental results},
  author={Vertechy, Rocco and Frisoli, Antonio and Solazzi, Massimiliano and Pellegrinetti, D and Bergamasco, Massimo},
  booktitle={Intelligent Robots and Systems (IROS), 2012 IEEE/RSJ International Conference on},
  pages={335--340},
  year={2012},
  organization={IEEE}
}

@misc{notes2002,
  author = {Georges Grinstein and Daniel Keim and Matthew Ward},
  title = {Information Visualization, Visual Data Mining, and Its Application to Drug Design},
  howpublished = {IEEE Visualization 2002 Course \#1 Notes},
  month = {October},
  year = {2002}
}

@article{Max:1995:OMF,
  author = "Nelson Max",
  title = "Optical models for direct volume rendering",
  year = "1995",
  month = jun,
  journal = "IEEE Transactions on Visualization and Computer
    Graphics",
  volume = "1",
  number = "2",
  pages = "99--108",
}

@book{ware:2004:IVP,
  author = "Colin Ware",
  title = "Information Visualization: Perception for Design",
  edition = "second",
  year = 2004,
  publisher = "Morgan Kaufmann Publishers",
}

@mastersthesis{kindlmann:1999:SAG,
  author = "Gordon Kindlmann",
  title = "Semi-Automatic Generation of Transfer Functions for Direct Volume Rendering",
  school = "Cornell University",
  year = 1999,
}

@phdthesis{levoy:1989:DSV,
  author = "Marc Levoy",
  title = "Display of Surfaces from Volume Data",
  school = "University of North Carolina at Chapel Hill",
  year = 1989,
}

@inproceedings{Lorensen:1987:MCA,
  author = "William E. Lorensen and Harvey E. Cline",
  title = "Marching Cubes: A High Resolution 3D Surface Construction Algorithm",
  year = "1987",
  month = jul,
  booktitle = "Computer Graphics (Proceedings of SIGGRAPH 87)",
  volume = 21,
  pages = "163--169",
}

@inproceedings{Nielson:1991:TAD,
  author = "Gregory M. Nielson and Bernd Hamann",
  title = "The Asymptotic Decider: Removing the Ambiguity in Marching Cubes",
  year = "1991",
  booktitle = "Visualization '91",
  pages = "83--91",
}




@ARTICLE{albu2007dlr,
  title={The DLR lightweight robot: design and control concepts for robots in human environments},
  author={Albu-Sch{\"a}ffer, Alin and Haddadin, Sami and Ott, Ch and Stemmer, Andreas and Wimb{\"o}ck, Thomas and Hirzinger, Gerd},
  journal={Industrial Robot: An International Journal},
  volume={34},
  number={5},
  pages={376--385},
  year={2007},
  publisher={Emerald Group Publishing Limited}
}

@INPROCEEDINGS{carignan2008controlling,
  title={Controlling shoulder impedance in a rehabilitation arm exoskeleton},
  author={Carignan, Craig R and Naylor, Michael P and Roderick, Stephen N},
  booktitle={Robotics and Automation, 2008. ICRA 2008. IEEE International Conference on},
  pages={2453--2458},
  year={2008},
  organization={IEEE}
}

@article{kashiri2017sensor,
  title={On the sensor design of torque controlled actuators: A comparison study of strain gauge and encoder-based principles},
  author={Kashiri, Navvab and Malzahn, J{\"o}rn and Tsagarakis, Nikos G},
  journal={IEEE Robotics and Automation Letters},
  volume={2},
  number={2},
  pages={1186--1194},
  year={2017},
  publisher={IEEE}
}

@article{vanderborght2013variable,
  title={Variable impedance actuators: A review},
  author={Vanderborght, Bram and Albu-Sch{\"a}ffer, Alin and Bicchi, Antonio and Burdet, Etienne and Caldwell, Darwin G and Carloni, Raffaella and Catalano, MG and Eiberger, Oliver and Friedl, Werner and Ganesh, Ganesh and others},
  journal={Robotics and autonomous systems},
  volume={61},
  number={12},
  pages={1601--1614},
  year={2013},
  publisher={Elsevier}
}

@article{vitiello2013neuroexos,
  title={NEUROExos: A powered elbow exoskeleton for physical rehabilitation},
  author={Vitiello, Nicola and Lenzi, Tommaso and Roccella, Stefano and De Rossi, Stefano Marco Maria and Cattin, Emanuele and Giovacchini, Francesco and Vecchi, Fabrizio and Carrozza, Maria Chiara},
  journal={IEEE Transactions on Robotics},
  volume={29},
  number={1},
  pages={220--235},
  year={2013},
  publisher={IEEE}
}

@inproceedings{cherelle2010maccepa,
  title={The MACCEPA actuation system as torque actuator in the gait rehabilitation robot ALTACRO},
  author={Cherelle, P and Grosu, V and Beyl, P and Mathys, A and Van Ham, R and Van Damme, M and Vanderborght, B and Lefeber, D},
  booktitle={Biomedical Robotics and Biomechatronics (BioRob), 2010 3rd IEEE RAS and EMBS International Conference on},
  pages={27--32},
  year={2010},
  organization={IEEE}
}

@article{veneman2007design,
  title={Design and evaluation of the LOPES exoskeleton robot for interactive gait rehabilitation},
  author={Veneman, Jan F and Kruidhof, Rik and Hekman, Edsko EG and Ekkelenkamp, Ralf and Van Asseldonk, Edwin HF and Van Der Kooij, Herman},
  journal={IEEE Transactions on Neural Systems and Rehabilitation Engineering},
  volume={15},
  number={3},
  pages={379--386},
  year={2007},
  publisher={IEEE}
}


@Inbook{Frisoli2019Encylopedia,
	author="Frisoli, Antonio",
	editor="Ang, Marcelo H
	and Khatib, Oussama
	and Siciliano, Bruno",
	title="Wearable Robots",
	bookTitle="Encyclopedia of Robotics",
	year="2019",
	publisher="Springer Berlin Heidelberg",
	address="Berlin, Heidelberg",
	pages="1--8",
	isbn="978-3-642-41610-1",
	doi="10.1007/978-3-642-41610-1_22-1",
	url="https://doi.org/10.1007/978-3-642-41610-1_22-1"
}

@article{tagliamonte2012double,
  title={Double actuation architectures for rendering variable impedance in compliant robots: A review},
  author={Tagliamonte, Nevio Luigi and Sergi, Fabrizio and Accoto, Dino and Carpino, Giorgio and Guglielmelli, Eugenio},
  journal={Mechatronics},
  volume={22},
  number={8},
  pages={1187--1203},
  year={2012},
  publisher={Elsevier}
}

@inproceedings{wolf2011dlr,
  title={The DLR FSJ: Energy based design of a variable stiffness joint},
  author={Wolf, Sebastian and Eiberger, Oliver and Hirzinger, Gerd},
  booktitle={Robotics and Automation (ICRA), 2011 IEEE International Conference on},
  pages={5082--5089},
  year={2011},
  organization={IEEE}
}

@article{aguirre2011design,
  title={Design of an active one-degree-of-freedom lower-limb exoskeleton with inertia compensation},
  author={Aguirre-Ollinger, Gabriel and Colgate, J Edward and Peshkin, Michael A and Goswami, Ambarish},
  journal={The International Journal of Robotics Research},
  volume={30},
  number={4},
  pages={486--499},
  year={2011},
  publisher={Sage Publications Sage UK: London, England}
}

@inproceedings{zanotto2013improving,
  title={Improving transparency of powered exoskeletons using force/torque sensors on the supporting cuffs},
  author={Zanotto, Damiano and Lenzi, Tommaso and Stegall, Paul and Agrawal, Sunil K},
  booktitle={Rehabilitation Robotics (ICORR), 2013 IEEE International Conference on},
  pages={1--6},
  year={2013},
  organization={IEEE}
}

@article{cestari2014ares,
  title={ARES, a variable stiffness actuator with embedded force sensor for the ATLAS exoskeleton},
  author={Cestari, Manuel and Sanz-Merodio, Daniel and Arevalo, Juan Carlos and Garcia, Elena},
  journal={Industrial Robot: An International Journal},
  volume={41},
  number={6},
  pages={518--526},
  year={2014},
  publisher={Emerald Group Publishing Limited}
}

@article{kim2015design,
  title={Design of a knee exoskeleton using foot pressure and knee torque sensors},
  author={Kim, Jung-Hoon and Shim, Myounghoon and Ahn, Dong Hyun and Son, Byoung Jong and Kim, Suk-Young and Kim, Deog Young and Baek, Yoon Su and Cho, Baek-Kyu},
  journal={International Journal of Advanced Robotic Systems},
  volume={12},
  number={8},
  pages={112},
  year={2015},
  publisher={SAGE Publications Sage UK: London, England}
}

@article{leal2018polymer,
  title={Polymer Optical Fiber for Angle and Torque Measurements of a Series Elastic Actuator's Spring},
  author={Leal-Junior, Arnaldo G and Frizera, Anselmo and Marques, Carlos and S{\'a}nchez, Manuel RA and dos Santos, Wilian M and Siqueira, Adriano AG and Segatto, Marcelo V and Pontes, Maria Jos{\'e}},
  journal={Journal of Lightwave Technology},
  volume={36},
  number={9},
  pages={1698--1705},
  year={2018},
  publisher={IEEE}
}

@article{dos2017design,
  title={Design and control of an active knee orthosis driven by a rotary series elastic actuator},
  author={dos Santos, Wilian M and Caurin, Glauco AP and Siqueira, Adriano AG},
  journal={Control Engineering Practice},
  volume={58},
  pages={307--318},
  year={2017},
  publisher={Elsevier}
}

@incollection{junior2016series,
  title={Series elastic actuator: Design, analysis and comparison},
  author={Junior, Arnaldo Gomes Leal and de Andrade, Rafhael Milanezi and Bento Filho, Ant{\^o}nio},
  booktitle={Recent Advances in Robotic Systems},
  year={2016},
  publisher={InTech}
}

@article{hwang2015method,
  title={A method to accurately estimate the muscular torques of human wearing exoskeletons by torque sensors},
  author={Hwang, Beomsoo and Jeon, Doyoung},
  journal={Sensors},
  volume={15},
  number={4},
  pages={8337--8357},
  year={2015},
  publisher={Multidisciplinary Digital Publishing Institute}
}

@inproceedings{lee2018integrated,
  title={Integrated transmission force estimation method for series elastic actuators},
  author={Lee, Chan and Oh, Sehoon},
  booktitle={Advanced Motion Control (AMC), 2018 IEEE 15th International Workshop on},
  pages={681--686},
  year={2018},
  organization={IEEE}
}

@article{buongiorno2018wres,
  title={WRES: a novel 3DoF WRist ExoSkeleton with tendon-driven differential transmission for neuro-rehabilitation and teleoperation},
  author={Buongiorno, Domenico and Sotgiu, Edoardo and Leonardis, Daniele and Marcheschi, Simone and Solazzi, Massimiliano and Frisoli, Antonio},
  journal={IEEE Robotics and Automation Letters},
  year={2018},
  publisher={IEEE}
}

@article{rebelo2014bilateral,
  title={Bilateral robot teleoperation: A wearable arm exoskeleton featuring an intuitive user interface},
  author={Rebelo, Joao and Sednaoui, Thomas and den Exter, Emiel Boudewijn and Krueger, Thomas and Schiele, Andre},
  journal={IEEE Robotics \& Automation Magazine},
  volume={21},
  number={4},
  pages={62--69},
  year={2014},
  publisher={IEEE}
}

@article{buongiorno_chiaradia_marcheschi_solazzi_frisoli_2019, 
	title={Multi-DoFs Exoskeleton-Based Bilateral Teleoperation with the Time-Domain Passivity Approach}, 
	volume={37}, 
	DOI={10.1017/S0263574719000171}, 
	number={9}, 
	journal={Robotica}, 
	publisher={Cambridge University Press}, 
	author={Buongiorno, Domenico and Chiaradia, Domenico and Marcheschi, Simone and Solazzi, Massimiliano and Frisoli, Antonio}, 
	year={2019}, 
	pages={1641â€“1662}
}

@INPROCEEDINGS{Chiaradia2018Soft, 
author={D. {Chiaradia} and M. {Xiloyannis} and C. W. {Antuvan} and A. {Frisoli} and L. {Masia}}, 
booktitle={2018 IEEE International Conference on Soft Robotics (RoboSoft)}, 
title={Design and embedded control of a soft elbow exosuit}, 
year={2018}, 
volume={}, 
number={}, 
pages={565-571}, 
keywords={robot kinematics;wearable robots;embedded control;soft materials;soft elbow exosuit;miniature load cell;silicone stretch sensor;high-level signal processing;low-level motor control;power management;motion-intention detection;gravity compensation;untethered control architecture;flexion movements;Bowden cable transmission;electric motor;tethered fabric-based exosuit;kinematic transparency;Tendons;Elbow;Torque;Brushless motors;Computer architecture;Gravity}, 
doi={10.1109/ROBOSOFT.2018.8405386}, 
ISSN={}, 
month={April},}

@INPROCEEDINGS{onTheEdgeTiseni19, 
author={L. {Tiseni} and M. {Xiloyannis} and D. {Chiaradia} and N. {Lotti} and M. {Solazzi} and H. {van der Kooij} and A. {Frisoli} and L. {Masia}}, 
booktitle={2019 IEEE 16th International Conference on Rehabilitation Robotics (ICORR)}, 
title={On the edge between soft and rigid: an assistive shoulder exoskeleton with hyper-redundant kinematics}, 
year={2019}, 
volume={}, 
number={}, 
pages={618-624}, 
keywords={Shoulder;Exoskeletons;Kinematics;Torque;Shafts;Robots;Friction}, 
doi={10.1109/ICORR.2019.8779546}, 
ISSN={1945-7901}, 
month={June},}

@article{xiloyannis2019physiological,
  title={Physiological and kinematic effects of a soft exosuit on arm movements},
  author={Xiloyannis, Michele and Chiaradia, Domenico and Frisoli, Antonio and Masia, Lorenzo},
  journal={Journal of neuroengineering and rehabilitation},
  volume={16},
  number={1},
  pages={29},
  year={2019},
  publisher={BioMed Central}
}